



@misc{schwaber_sutherland_2022, title={Scrum Guide | Scrum Guides}, url={https://scrumguides.org/scrum-guide.html}, journal={Scrumguides.org}, author={Schwaber, Ken and Sutherland, Jeff}, year={2022} }

@misc{ECDARNET,
  title={ECDAR.NET},
  url= {https://www.ecdar.net/},
  journal={https://www.ecdar.net/},
  %hvem fanden er author af det her?? author={},
  year={2022}
}
@article{Gundersen_2018,
	doi = {10.4204/eptcs.277.11},
  
	url = {https://doi.org/10.4204\%2Feptcs.277.11},
  
	year = 2018,
	month = {sep},
  
	publisher = {Open Publishing Association},
  
	volume = {277},
  
	pages = {147--160},
  
	author = {Tobias R. Gundersen and Florian Lorber and Ulrik Nyman and Christian Ovesen},
  
	title = {Effortless Fault Localisation: Conformance Testing of Real-Time Systems in Ecdar},
  
	journal = {Electronic Proceedings in Theoretical Computer Science}
}